%% This BibTeX bibliography file was created using BibDesk.
%% http://bibdesk.sourceforge.net/

%% Created for Harry Hsu at 2016-01-20 09:38:08 +0800 


%% Saved with string encoding Unicode (UTF-8) 



@article{lecun1989backpropagation,
	Author = {LeCun, Yann and Boser, Bernhard and Denker, John S and Henderson, Donnie and Howard, Richard E and Hubbard, Wayne and Jackel, Lawrence D},
	Journal = {Neural computation},
	Number = {4},
	Pages = {541--551},
	Publisher = {MIT Press},
	Title = {Backpropagation applied to handwritten zip code recognition},
	Volume = {1},
	Year = {1989}}

@article{abaditensorflow,
	Author = {Abadi, Mart{\i}n and Agarwal, Ashish and Barham, Paul and Brevdo, Eugene and Chen, Zhifeng and Citro, Craig and Corrado, Greg S and Davis, Andy and Dean, Jeffrey and Devin, Matthieu and others},
	Journal = {Software available from tensorflow. org},
	Title = {TensorFlow: Large-scale machine learning on heterogeneous systems, 2015}}

@article{szegedy2014going,
	Author = {Szegedy, Christian and Liu, Wei and Jia, Yangqing and Sermanet, Pierre and Reed, Scott and Anguelov, Dragomir and Erhan, Dumitru and Vanhoucke, Vincent and Rabinovich, Andrew},
	Journal = {arXiv preprint arXiv:1409.4842},
	Title = {Going deeper with convolutions},
	Year = {2014}}

@article{kingma2014adam,
	Author = {Kingma, Diederik and Ba, Jimmy},
	Journal = {arXiv preprint arXiv:1412.6980},
	Title = {Adam: A method for stochastic optimization},
	Year = {2014}}

@book{jolliffe2002principal,
	Author = {Jolliffe, Ian},
	Publisher = {Wiley Online Library},
	Title = {Principal component analysis},
	Year = {2002}}

@article{pedregosa2011scikit,
	Author = {Pedregosa, Fabian and Varoquaux, Ga{\"e}l and Gramfort, Alexandre and Michel, Vincent and Thirion, Bertrand and Grisel, Olivier and Blondel, Mathieu and Prettenhofer, Peter and Weiss, Ron and Dubourg, Vincent and others},
	Journal = {The Journal of Machine Learning Research},
	Pages = {2825--2830},
	Publisher = {JMLR. org},
	Title = {Scikit-learn: Machine learning in Python},
	Volume = {12},
	Year = {2011}}

@article{chang2011libsvm,
	Author = {Chang, Chih-Chung and Lin, Chih-Jen},
	Journal = {ACM Transactions on Intelligent Systems and Technology (TIST)},
	Number = {3},
	Pages = {27},
	Publisher = {ACM},
	Title = {LIBSVM: A library for support vector machines},
	Volume = {2},
	Year = {2011}}

@inproceedings{lewis2000introduction,
	Author = {Lewis, Roger J},
	Booktitle = {Annual Meeting of the Society for Academic Emergency Medicine in San Francisco, California},
	Pages = {1--14},
	Title = {An introduction to classification and regression tree (CART) analysis},
	Year = {2000}}
